@article{rosen,
  title = {Hedonic Prices and Implicit Markets: Product   Differentiation in Pure Competition},
  author = {Rosen, S.},
  year = {1974},
  journal = {Journal of Political Economy},
  volume = {82},
  number = {1},
  pages = {34-55},
}

@article{greenstone,
  author = {Greenstone, M.},
   journal = {Journal of Political Economy},
   number = {6},
   pages = {pp. 1891--1902},
   publisher = {The University of Chicago Press},
   title = {The Continuing Impact of Sherwin Rosen’s “Hedonic Prices and Implicit Markets: Product Differentiation in Pure Competition”},
   urldate = {2024-05-26},
   volume = {125},
   year = {2017}
}

@article{carriazo,
  title = {Using stochastic frontier models to mitigate omitted variable bias in hedonic pricing models: A case study for air quality in Bogotá, Colombia},
  journal = {Ecological Economics},
  volume = {91},
  pages = {80-88},
  year = {2013},
  author = {Carriazo, F. and Ready, R. and Shortle, J.}
}

@article{perdomo,
  author = {Perdomo, J.},
  title = {A methodological proposal to estimate changes of residential property value: case study developed in Bogotá},
  journal = {Applied Economics Letters},
  volume = {18},
  number = {16},
  pages = {1577--1581},
  year = {2011}
}

@article{lozano,
  author={Lozano, n. and Anselin, L.},
  title={Is the price right?: Assessing estimates of cadastral values for Bogotá, Colombia},
  journal={Regional Science. Policy & Practice},
  volume={4},
  number={4},
  year={2012},
  pages={495-508}
  }
  
@article{medina,
 author = {Medina, C. and Morales, L. and Bernal, r. and Torero, M.},
 journal = {Economía},
 number = {2},
 pages = {41--99},
 publisher = {Brookings Institution Press},
 title = {Stratification and Public Utility Services in Colombia: Subsidies to Households or Distortion of Housing Prices? [with Comments]},
 volume = {7},
 year = {2007}
}

@misc{dec468,
  title={Por el cual se reglamenta la UPZ 99, Chapinero, ubicada en la loclaidad Chapinero},
  author={{Alcaldía Mayor de Bogotá}},
  year={20 de noviembre de 2006},
  editor={{Decreto 468 de 2006}}
}